@misc{rfc826,
    series =    {Request for Comments},
    number =    826,
    howpublished =  {RFC 826},
    publisher = {RFC Editor},
    doi =       {10.17487/RFC0826},
    url =       {https://www.rfc-editor.org/info/rfc826},
    author =    {},
    title =     {{An Ethernet Address Resolution Protocol: Or Converting Network Protocol Addresses to 48.bit Ethernet Address for Transmission on Ethernet Hardware}},
    pagetotal = 10,
    year =      1982
}

@InProceedings{detectingARP,
	author =	{Ramachandran, Vivek and Nandi, Sukumar},
	editor =	{Jajodia, Sushil and Mazumdar, Chandan},
	title =		{{Detecting ARP Spoofing: An Active Technique}},
	booktitle =	{{Information Systems Security}},
	year =		{2005},
	publisher =	{Springer Berlin Heidelberg},
	address =	{Berlin, Heidelberg},
	pages =		{239--250},
	isbn =		{978-3-540-32422-5}
}